<collection xmlns="http://www.loc.gov/MARC21/slim">
<record>
  <leader>02561nam0a2200397 i 450 </leader>
  <controlfield tag="001">IT\ICCU\CNCE\027318</controlfield>
  <controlfield tag="005">20110422000000.0</controlfield>
  <datafield tag="012" ind1=" " ind2=" ">
    <subfield code="a">++++ ++++ umna Eudi (3) 1595 (R)</subfield>
    <subfield code="2">fei</subfield>
    <subfield code="9">1</subfield>
  </datafield>
  <datafield tag="012" ind1=" " ind2=" ">
    <subfield code="a">e.r- c.i- x-ce Ette (3) 1595 (R)</subfield>
    <subfield code="2">fei</subfield>
    <subfield code="9">2</subfield>
  </datafield>
  <datafield tag="012" ind1=" " ind2=" ">
    <subfield code="a">e.ro em11 adfi nori (3) 1595 (R)</subfield>
    <subfield code="2">fei</subfield>
    <subfield code="9">3</subfield>
  </datafield>
  <datafield tag="100" ind1=" " ind2=" ">
    <subfield code="a">19971028d1595        0itac0103    ba</subfield>
  </datafield>
  <datafield tag="101" ind1=" " ind2=" ">
    <subfield code="a">LAT</subfield>
  </datafield>
  <datafield tag="102" ind1=" " ind2=" ">
    <subfield code="a">IT</subfield>
  </datafield>
  <datafield tag="200" ind1="1" ind2=" ">
    <subfield code="a">Candelabrum aureum eccl. s. Dei, continens lucernas septem: septem scilicet, circa septem Sacramenta mirabiles elucidationes: christianis omnibus, maxime animarum curam gerentibus, atque casus conscientiae scire volentibus summopere necessarias. In tres partes diuisum, compositum sexto iam impressum, atque summa diligentia correctum... ab illustri ... Martino Alfonso Viualdo Hispano ... Pars prima \-secunda!</subfield>
  </datafield>
  <datafield tag="210" ind1=" " ind2=" ">
    <subfield code="a">Brixiae</subfield>
    <subfield code="c">Apud Thomam Bozzolam</subfield>
    <subfield code="d">1595</subfield>
  </datafield>
  <datafield tag="215" ind1=" " ind2=" ">
    <subfield code="a">3 v.</subfield>
    <subfield code="d">4ʻ</subfield>
  </datafield>
  <datafield tag="300" ind1=" " ind2=" ">
    <subfield code="a">3: Aurea appendix siue pars tertia ad candelabrum aureum Ecclesiae sanctae Dei ...</subfield>
  </datafield>
  <datafield tag="423" ind1=" " ind2="0">
    <subfield code="1">001IT\ICCU\CNCE\052436</subfield>
    <subfield code="1">2001 </subfield>
    <subfield code="a">Aurea appendix siue pars tertia ad candelabrum aureum ecclesiae sanctae Dei:continens capita, vel tractatus viginti duos</subfield>
  </datafield>
  <datafield tag="620" ind1=" " ind2=" ">
    <subfield code="a">IT</subfield>
    <subfield code="d">Brescia</subfield>
  </datafield>
  <datafield tag="700" ind1=" " ind2="1">
    <subfield code="a">Vivaldo,</subfield>
    <subfield code="b">Martn̕ Alfonso</subfield>
    <subfield code="3">IT\ICCU\CNCA\002261</subfield>
  </datafield>
  <datafield tag="712" ind1="0" ind2="0">
    <subfield code="a">Bozzola, Tommaso</subfield>
    <subfield code="3">IT\ICCU\CNCT\000344</subfield>
    <subfield code="4">650</subfield>
  </datafield>
  <datafield tag="790" ind1=" " ind2="1">
    <subfield code="a">Vivaldi,</subfield>
    <subfield code="b">Alfonso Martino</subfield>
    <subfield code="3">IT\ICCU\CNCA\015123</subfield>
    <subfield code="z">Vivaldo, Martn̕ Alfonso</subfield>
  </datafield>
  <datafield tag="790" ind1=" " ind2="1">
    <subfield code="a">Vivaldus,</subfield>
    <subfield code="b">Martinus Alphonsus</subfield>
    <subfield code="3">IT\ICCU\CNCA\025540</subfield>
    <subfield code="z">Vivaldo, Martn̕ Alfonso</subfield>
  </datafield>
  <datafield tag="791" ind1="0" ind2="0">
    <subfield code="a">Bozola, Thomas</subfield>
    <subfield code="3">IT\ICCU\CNCT\003651</subfield>
    <subfield code="z">Bozzola, Tommaso</subfield>
  </datafield>
  <datafield tag="801" ind1=" " ind2="3">
    <subfield code="a">IT</subfield>
    <subfield code="b">ICCU</subfield>
    <subfield code="c">20201114</subfield>
  </datafield>
  <datafield tag="899" ind1=" " ind2=" ">
    <subfield code="a">Biblioteca comunale Tommaso Fazello. Sciacca</subfield>
    <subfield code="1">AG0042</subfield>
    <subfield code="2">AGR 23</subfield>
  </datafield>
  <datafield tag="899" ind1=" " ind2=" ">
    <subfield code="a">Biblioteca francescana S. Maria di Loreto. Paduli</subfield>
    <subfield code="z">MUTILO</subfield>
    <subfield code="1">BN0036</subfield>
    <subfield code="2">ZBN 01</subfield>
  </datafield>
  <datafield tag="899" ind1=" " ind2=" ">
    <subfield code="a">Biblioteca Apostolica Vaticana. Citt ̉del Vaticano</subfield>
    <subfield code="1">EX0001</subfield>
    <subfield code="2">ZCV 01</subfield>
  </datafield>
  <datafield tag="899" ind1=" " ind2=" ">
    <subfield code="a">Biblioteca comunale Francesco Antolisei. San Severino Marche</subfield>
    <subfield code="z">MUTILO</subfield>
    <subfield code="1">MC0075</subfield>
    <subfield code="2">UMC FA</subfield>
  </datafield>
  <datafield tag="899" ind1=" " ind2=" ">
    <subfield code="a">Biblioteca diocesana di Tricarico. Tricarico</subfield>
    <subfield code="1">MT0069</subfield>
    <subfield code="2">PBE58</subfield>
  </datafield>
  <datafield tag="899" ind1=" " ind2=" ">
    <subfield code="a">Biblioteca del Centro di documentazione francescana. Assisi</subfield>
    <subfield code="1">PG0213</subfield>
    <subfield code="2">UM1 37</subfield>
  </datafield>
  <datafield tag="899" ind1=" " ind2=" ">
    <subfield code="a">Biblioteca universitaria. Pisa</subfield>
    <subfield code="1">PI0112</subfield>
    <subfield code="2">PIS R1</subfield>
  </datafield>
  <datafield tag="899" ind1=" " ind2=" ">
    <subfield code="a">Biblioteca del Convento dei Cappuccini di S. Felice. Cava dei Tirreni</subfield>
    <subfield code="z">MUTILO</subfield>
    <subfield code="1">SA0090</subfield>
    <subfield code="2">ZSA 03</subfield>
  </datafield>
  <datafield tag="899" ind1=" " ind2=" ">
    <subfield code="a">Biblioteca Niccol ̣V. Sarzana</subfield>
    <subfield code="1">SP0058</subfield>
    <subfield code="2">PBE C5</subfield>
  </datafield>
  <datafield tag="911" ind1=" " ind2=" ">
    <subfield code="a">Sul front.</subfield>
    <subfield code="9">IT\ICCU\CNCM\000391</subfield>
  </datafield>
  <datafield tag="921" ind1=" " ind2=" ">
    <subfield code="a">IT\ICCU\CNCM\000391</subfield>
    <subfield code="b">Grifone che regge con l&apos;artiglio una pietra alla quale  ̈incatenato un globo alato. In cornice figurata</subfield>
    <subfield code="c">Z703</subfield>
    <subfield code="d">Dimensioni: 6.5 x 8</subfield>
    <subfield code="f">GRIFONE</subfield>
    <subfield code="f">PIETRA</subfield>
    <subfield code="f">GLOBO</subfield>
    <subfield code="g">1583-1600</subfield>
  </datafield>
</record>
</collection>
